@article{12008,
  author        = {E. W. T. Ngaia and K. L. M. Karen and J. R. Frederick and Y. Y. Candace},
  title         = {{RFID} research: An academic literature review (1995--2005) and future research directions},
  journal       = {Journal of Production Economics},
  volume        = "112",
  number        = "2",
  month         = "April",
  year          = {2008},
  pages         = "510--520"
}

@BOOK{22009,
  author        = {Y. Zhang and P. Kitsos},
  title         = {Security in {RFID} and Sensor Networks},
  publisher     = "CRC Press",
  year          = {2009}
}

@INPROCEEDINGS{32006,
    author = "G. Tsudik",
    title =  "{YA-TRAP}: Yet Another Trivial {RFID} Authentication Protocol",
    booktitle = "Proceedings of the Fourth Annual IEEE International Conference on Pervasive Computing and Communications Workshops",
    pages = "640--643",
    year = "2006"}

@Unpublished{42005,
author = {H. ~Gilbert and M. Robshaw and H. Sibert},
title = {An Active Attack Against {HB+} - A Provably Secure Lightweight Protocol},
note = {Cryptology ePrint Archive, Report 2005/237, http://eprint.iacr.org},
year = {2005},
}

@PhdThesis{52007,
  author = "ABCD",
  title = "mnop",
  school = "Indian Institute of Information Technology Guwahati, India",
  year = "2019",
  month = "March"
}

@TechReport{62007,
author = {T. Karygiannis and B. Eydt and G. Barber and L. Bunn and T. Phillips},
title = {Guidelines for Securing Radio Frequency Identification {(RFID)} Systems},
institution = {National Institute of Standards \& Technology (NIST), USA},
year = {2007},
}



